% Encoding: UTF-8

@Article{George2017,
  author  = {David George and Tim Hatt},
  journal = {GSMA Intelligence},
  title   = {{G}lobal {M}obile {T}rends},
  year    = {2017},
  url     = {https://www.gsmaintelligence.com/research/?file=3df1b7d57b1e63a0cbc3d585feb82dc2&download},
}

@Manual{ITU2009,
  title  = {Asymmetric digital subscriber line transceivers 2 (ADSL2)},
  author = {ITU},
  year   = {2009},
}

@Book{Ghosh2010,
  author    = {Arunabha Ghosh and Jun Zhang and Jeffery G and Rias Muhammad},
  publisher = {Prentice Hall},
  title     = {Fundamentals of LTE},
  year      = {2010},
}

@Comment{jabref-meta: databaseType:bibtex;}
